% Bibliography corresponding to Grichine_CS499.tex

@techreport{kraft2005adaptive,
  title={An Adaptive Model for Predicting Course Enrollment},
  author={Kraft, Christine R and Jarvis, James P},
  year={2005},
  institution={Technical Report}
}

@unpublished{LectureMU,
  Author = {Felts, Ehlert},
  Institution = {Missouri-Columbia},
  Howpublished = {University Lecture},
  Year = {2010},
  Title = {Prediction Model for Course Demand at {MU}}
}

@article{needham2007primer,
  title={A primer on learning in Bayesian networks for computational biology},
  author={Needham, Chris J and Bradford, James R and Bulpitt, Andrew J and Westhead, David R},
  journal={PLoS Comput Biol},
  volume={3},
  number={8},
  pages={e129},
  year={2007}
}